@ONLINE {show2016,
    author = "{sh-ow}",
    title  = "modelsim2latex",
    month  = "jan",
    year   = "2016",
    url    = "https://github.com/sh-ow/modelsim2latex/"
}

@BOOK {altera2016,
	author    = "{Altera}",
	title     = "Cyclone IV Device Handbook",
	publisher = "Altera",
	year      = "2016",
	volume    = "1",
	month     = "mar"
}

@UNPUBLISHED {tyler2017,
	author      = "Joshua Tyler",
	title       = "{ELEC6234} {FPGA} Synthesis of a {picoMIPS} Processor",
	month = "may",
	year        = "2017"
}

@UNPUBLISHED {kazmierski2017,
	author      = "Tom J Kazmierski",
	title       = "{FPGA} implementation of a complex number multiplier",
	month = "mar",
	year        = "2017"
}